<?xml version="1.0" encoding="UTF-8"?><collection xmlns="http://www.loc.gov/MARC21/slim"><record><leader>00410nam--2200133-i-4500</leader><controlfield tag="001">000036135</controlfield><controlfield tag="002">20161230</controlfield><controlfield tag="005">20161230201040</controlfield><controlfield tag="008">060222s1000------------r-----000-0-eng-d</controlfield><datafield ind1=" " ind2=" " tag="080"><subfield code="a">621.375.826</subfield></datafield><datafield ind1=" " ind2=" " tag="100"><subfield code="a">Nilsson, N. R</subfield></datafield><datafield ind1=" " ind2=" " tag="245"><subfield code="a">Studies of stimulated emission from discharges in air and nitrogen in the pressure range 1-760 torr</subfield></datafield><datafield ind1=" " ind2=" " tag="260"><subfield code="a">Uppsala, Institute Of Physics, 1970. 15p.+16 Fig</subfield></datafield><datafield ind1=" " ind2=" " tag="852"><subfield code="a">32709</subfield></datafield></record></collection>